% This file was created with JabRef 2.6.
% Encoding: Cp1252

@BOOK{angelov:2011,
    author = {Krasimir Angelov},
    title =  {{The Mechanics of the Grammatical Framework}},
    publisher = {{Chalmers University of Technology}},
    year = {2011},
    address = {G{\"o}teborg},
    note = "ISBN-13: 978-91-7385-605-8",
    url = "http://publications.lib.chalmers.se/publication/149979-the-mechanics-of-the-grammatical-framework"
}

@ARTICLE{damljanovic:2011,
    author = {Danica D. Damljanovic},
    title =  {{Natural Language Interfaces to Conceptual Models}},
    url = "{http://gate.ac.uk/sale/dd/thesis/thesis.pdf}",
    year = {2011},
    note = "[Online; accessed 9-August-2014]"
}

@BOOK{enache:2013,
    author = {Ramona Enache},
    title =  {{Frontiers of Multilingual Grammar Development}},
    publisher = {{Chalmers University of Technology}},
    year = {2013},
    address = {G{\"o}teborg},
    note = "ISBN-13: 978-91-628-8787-2",
    url = "http://publications.lib.chalmers.se/publication/183497-frontiers-of-multilingual-grammar-development"
}

@ARTICLE{backus,
  author    = {John W. Backus},
  title     = {Can Programming Be Liberated From the von Neumann Style?
               A Functional Style and its Algebra of Programs},
  journal   = {Commun. ACM},
  volume    = {21},
  number    = {8},
  year      = {1978},
  pages     = {613-641},
  url = "http://www.thocp.net/biographies/papers/backus_turingaward_lecture.pdf"
}

@book{Hopcroft:1990:IAT:574901,
 author = {Hopcroft, John E. and Ullman, Jeffrey D.},
 title = {Introduction To Automata Theory, Languages, And Computation},
 year = {1990},
 isbn = {020102988X},
 edition = {1st},
 publisher = {Addison-Wesley Longman Publishing Co., Inc.},
 address = {Boston, MA, USA},
} 

@BOOK{ranta:2011,
    author = {Aarne Ranta},
    title =  {{Grammatical Framework:
               Programming with Multilingual Grammars}},
    publisher = {{CSLI Publications}},
    year = {2011},
    address = "Stanford",
    note = "ISBN-10: 1-57586-626-9 (Paper), 1-57586-627-7 (Cloth)"
  }
  
@MISC{mayer:2007,
    author = {Marissa Mayer},
    title = {{Seattle Conference on Scalability: Scaling Google for Every User}},
    url = "https://www.youtube.com/watch?v=Syc3axgRsBw",
    year = {2007}, 
    note = "[Online; accessed 1-July-2014]"
}

 @BOOK{Aho:1986:CPT:6448,
     author = {Aho, Alfred V. and Sethi, Ravi and Ullman, Jeffrey D.},
     title = {Compilers: Principles, Techniques, and Tools},
    year = {1986},
    isbn = {0-201-10088-6},
    publisher = {Addison-Wesley Longman Publishing Co., Inc.},
    address = {Boston, MA, USA}
}

@book{books/daglib/0021697,
  added-at = {2011-03-16T00:00:00.000+0100},
  author = {Zyl, Jason Van},
  biburl = {http://www.bibsonomy.org/bibtex/2d6409df8960644181f14fbea319fc36e/dblp},
  ee = {http://www.oreilly.de/catalog/9780596517335/index.html},
  interhash = {694d6c0be2b0fe07c946baf7d7b57df8},
  intrahash = {d6409df8960644181f14fbea319fc36e},
  isbn = {978-0-596-51733-5},
  keywords = {dblp},
  pages = {I-XIV, 1-452},
  publisher = {O'Reilly},
  timestamp = {2011-03-16T00:00:00.000+0100},
  title = {Maven - the definitive guide: everything you need to know from ideation to deployment.},
  year = 2008
}


@incollection{javaee,
year={2009},
isbn={978-0-387-35544-3},
booktitle={Encyclopedia of Database Systems},
editor={Liu, Ling and Özsu, M.Tamer},
doi={10.1007/978-0-387-39940-9_1542},
title={Java Enterprise Edition},
publisher={Springer US},
author={Jimenez-Peris, Ricardo and Patiño-Martinez, Marta},
pages={1578-1579},
language={English}
}

@BOOK{tomcat,
     author = {Chopra, Vivek and Li, Sing and Genender, Jeff},
     title = {Professional Apache Tomcat 6},
    year = {2011},
    isbn = {978-0-471-75361-2},
    publisher = {Wrox}
} 

@ARTICLE{gf-rgl,
  author = {Ranta, Aarne},
  title = {The {GF} Resource Grammar Library},
  journal = {Linguistic Issues in Language Technology},
  year = {2009},
  publisher = {CSLI},
  url = "http://elanguage.net/journals/index.php/lilt/article/viewFile/214/158.Rosetta"
}

@INPROCEEDINGS{angelov09:incremental-parser,
  abstract = {Parallel Multiple Context-Free Grammar (PMCFG) is an extension of context-free grammar for 
              which the recognition problem is solvable in polynomial time. We describe a new parsing 
              algorithm that has the advantage to be incremental and support PMCFG directly rather than 
              the weaker MCFG formalism. The algorithm is also top-down which allows it to be used for 
              grammar based word prediction}, 
  author = {Angelov, Krasimir},
  booktitle = {European Chapter of the Association for Computational Linguistics},
  title = {Incremental Parsing with Parallel Multiple Context-Free Grammars},
  year = {2009},
  url = "www.aclweb.org/anthology/E09-1009"
}

@article{angelov2014speech,
  title={Speech-Enabled Hybrid Multilingual Translation for Mobile Devices},
  author={Angelov, Krasimir and Bringert, Bj{\"o}rn and Ranta, Aarne},
  journal={EACL 2014},
  pages={41},
  year={2014},
  url = "http://www.aclweb.org/anthology/E/E14/E14-2011.pdf"
}

@ARTICLE{kaufmann:2007,
  author ={Kaufmann, Esther and Bernstein, Abraham},
  booktitle = {The Semantic Web},
  journal = {6th International Semantic Web Conference, 2nd Asian Semantic Web Conference, ISWC 2007 + ASWC 2007, Busan, Korea, November 11-15, 2007. Proceedings},
  title={How Useful Are Natural Language Interfaces to the Semantic Web for Casual End-Users?},
  year = {2007},
  pages={281--294},
  url = "http://www.cs.xu.edu/csci390/08s/NLInterfacesUsefulToEndUsers.pdf"
}

@article{knuth:1968,
year={1968},
issn={0025-5661},
journal={Mathematical systems theory},
volume={2},
number={2},
doi={10.1007/BF01692511},
title={Semantics of context-free languages},
publisher={Springer-Verlag},
author={Knuth, Donald E.},
pages={127-145},
language={English}
}

@BOOK{Martin-lof,
    author = {Martin-Löf, Per and Sambdin, Giovanni},
    title = {Intuitionistic type theory},
    year = {1984},
    url = "http://www.cs.cmu.edu/afs/cs/Web/People/crary/819-f09/Martin-Lof80.pdf",
    note = "[Online; accessed 10-August-2014]"
}

@ARTICLE{ranta:2004,
  title={Grammatical Framework: A Type-Theoretical Grammar Formalism. Journal of Functional Programming},
  author={Ranta, Aarne},
  journal={Journal of Functional Programming},
  volume = {14},
  number = {2},
  pages={145--189},
  year={2004},
  url = "http://www.cse.chalmers.se/~aarne/articles/gf-jfp.pdf"
}

@book{Holzner:2004:EC:2167279,
 author = {Holzner, Steve},
 title = {Eclipse Cookbook},
 year = {2004},
 isbn = {978-0-596-00710-2},
 edition = {1},
 publisher = {O'Reilly Media, Inc.},
} 


@MISC{Jones_thehaskell,
    author = {Isaac Jones},
    title = {The Haskell Cabal, a common architecture for building applications and libraries},
    url = "http://citeseerx.ist.psu.edu/viewdoc/summary?doi=10.1.1.127.9361",
    note = "[Online; accessed 9-August-2014]"
}

@article{unicorn,
  journal = {International Conference on Very Large Data Bases (VLDB)},
  authors = {Curtiss, Mike and
	Becker, Iain and
	Bosman, Tudor and
	Doroshenko, Sergey and
	Grijincu, Lucian Adrian and
	Jackson, Tom and
	Lassen, Soren and
	Pronin, Philip and
	Shen, Guanghao and
	Woss, Gintaras and
	Yang, Chao and
	Zhang, Ning and
	Kunnatur, Sandhya and
	Sankar, Sriram},
  title = {{Unicorn: A System for Searching the Social Graph}},
  url = "http://www.vldb.org/pvldb/vol6/p1150-curtiss.pdf",
  note = "[Online; accessed 24-July-2014]"
}

@MISC{li:2013,
    author = {Xiao Li},
    title = {{Under the Hood: The natural language interface of Graph Search}},
    url = "https://www.facebook.com/notes/facebook-engineering/under-the-hood-the-natural-language-interface-of-graph-search/10151432733048920",
    year = {2013}, 
    note = "[Online; accessed 23-July-2014]"
}

@MISC{eclipse-cdt,
    author = {Eclipse Foundation},
    title = {{Eclipse CDT}},
    url = "http://www.eclipse.org/cdt/",
    note = "[Online; accessed 10-August-2014]"
}

@MISC{haskell-platform,
    title = {{The Haskell Platform}},
    howpublished = "URL: \url{https://www.haskell.org/platform/}",
    note = "[Online; accessed 10-August-2014]"
}

@MISC{gf-rgl-synopsis,
    author = {Bringert, Björn and Hallgren, Thonas and Ranta, Aarne},
    title = {{GF Resource Grammar Library: Synopsis}},
    howpublished = "\url{http://www.grammaticalframework.org/lib/doc/synopsis.html}",
    note = "[Online; accessed 10-August-2014]"
}

@ARTICLE{knuth:1974,
  author = {Knuth, Donald E.},
  title = {{C}omputer {P}rogramming as an {A}rt},
  journal = {Communications of the ACM},
  year = {1974},
  volume = {17},
  pages = {667--673},
  number = {12},
  month = {December },
  address = {New York, NY, USA},
  publisher = {ACM Press}
}

@MISC{bialecki:2012,
  author = {Bialecki, Andrzej and Muir, Robert and Ingersoll, Grant},
  title = {Apache Lucene 4},
  year = {2012},
  howpublished = "\url{http://opensearchlab.otago.ac.nz/paper_10.pdf}",
  note = "[Online; accessed 20-June-2014]"
}

@book{kuc2011apache,
  address = {Birmingham, UK},
  author = {Kuć, Rafał},
  keywords = {inComputatro programming solr},
  publisher = {Packt Publishing},
  title = {Apache Solr 3.1 cookbook},
  year = "2011"
}